% literature/literature.bib
@book{gratzer_more_2016,
    langid = {english},
    location = {{Cham}},
    title = {More {{Math}} into {{LaTeX}}},
    edition = {5. Auflage},
    isbn = {978-3-319-23796-1},
    publisher = {{Springer}},
    date = {2016},
    keywords = {main},
    author = {Grätzer, George A.}
}

@incollection{billen_kundenbindung_2005,
  langid = {german},
  location = {{Wiesbaden}},
  title = {Kundenbindung bei Commodities - die Quadratur des Kreises?},
  isbn = {978-3-409-14254-0},
  booktitle = {Commodity Marketing: Grundlagen und Besonderheiten},
  publisher = {{Gabler}},
  date = {2005},
  pages = {151-182},
  keywords = {main},
  author = {Billen, Peter and Raff, Tilmann},
  editor = {Enke, Margit and Reimann, Martin}
}

@misc{noauthor_richtlinien_2017,
  langid = {german},
  title = {Richtlinien für die Anfertigung der Thesis},
  publisher = {{Hochschule Düsseldorf}},
  date = {2017-12},
  keywords = {main}
}

@article{dtk17.1:ziegenhagen:server,
  title = {Wie Man Einen Eigenen  {{Live Mirror}} Aufsetzt},
  volume = {28},
  number = {1},
  journaltitle = {DTK},
  date = {2017},
  pages = {67-71},
  keywords = {main},
  author = {Ziegenhagen, Uwe}
}

@online{wang_this_2019,
  title = {This Is the Standard Rotating Snakes},
  url = {https://tex.stackexchange.com/revisions/2b9973b4-6724-43c0-85c8-2fa70a6cc0ba/view-source},
  date = {2019-03-14},
  keywords = {main},
  author = {Wang, Hsin-Po}
}