% literatur/literatur.tex
@book{knuth1997,
  author    = {Donald E. Knuth},
  title     = {The Art of Computer Programming, Volume 1: Fundamental Algorithms},
  year      = {1997},
  publisher = {Addison-Wesley}
}
