@book{musterbuch,
  author    = {Max Mustermann},
  title     = {Das gro√üe Beispielbuch},
  year      = {2020},
  publisher = {Beispielverlag},
}

@article{musterartikel,
  author  = {Erika Beispiel},
  title   = {Ein Beispielartikel},
  journal = {Beispieljournal},
  year    = {2021},
  volume  = {42},
  number  = {3},
  pages   = {123--456},
}
